@inproceedings{halldorsson2004multicoloring,
  author    = {Magnus M. Halldórsson and Guy Kortsarz},
  title     = {Multicoloring: Problems and Techniques},
  booktitle = {Lecture Notes in Computer Science},
  year      = {2004},
  publisher = {Springer},
  doi       = {10.1007/978-3-540-28629-5_2},
  note      = {Conference paper, August 2004}
}
@inproceedings{dorne2000tabusearch,
  author    = {Raphael Dorne and Jin-Kao Hao},
  title     = {Tabu Search for Graph Coloring, T-Colorings and Set T-Colorings},
  booktitle = {Proceedings of a Conference on Graph Theory or Combinatorics},
  year      = {2000},
  institution = {LGI2P, EMA-EERIE, Parc Scientifique Georges Besse, Nîmes, France},
}
@article{thevenin2016graph,
  title     = {Graph multi-coloring for a job scheduling application},
  author    = {Simon Thevenin and Nicolas Zufferey and Jean-Yves Potvin},
  journal   = {European Journal of Operational Research},
  volume    = {255},
  number    = {1},
  pages     = {128--141},
  year      = {2016},
  publisher = {Elsevier},
}
@book{Papadimitriou1982,
  author    = {C.H. Papadimitriou and K. Steiglitz},
  title     = {Combinatorial Optimization: Algorithms and Complexity},
  publisher = {Prentice Hall},
  year      = {1982}
}
@article{Costa1995,
  author    = {D. Costa and A. Hertz and O. Dubuis},
  title     = {Embedding of a sequential procedure within an evolutionary algorithm for coloring problems in graphs},
  journal   = {Journal of Heuristics},
  volume    = {1},
  pages     = {105--128},
  year      = {1995}
}

@inproceedings{Dorne1998,
  author    = {R. Dorne and J. K. Hao},
  title     = {A new genetic local search algorithm for graph coloring},
  booktitle = {Proceedings of PPSN'98},
  series    = {Lecture Notes in Computer Science},
  year      = {1998},
  note      = {To appear}
}@book{garey1979computers,
  author    = {M. R. Garey and D. S. Johnson},
  title     = {Computers and Intractability: A Guide to the Theory of NP-Completeness},
  publisher = {W. H. Freeman},
  year      = {1979}
}

@article{gabow1992edgecoloring,
  author    = {H. Gabow and O. Kariv},
  title     = {Algorithms for edge coloring bipartite graphs and multigraphs},
  journal   = {SIAM Journal on Computing},
  volume    = {11},
  number    = {1},
  year      = {1992},
  month     = feb,
  pages     = {117--129}
}

@inproceedings{gandhi2004approximating,
  author    = {R. Gandhi and M. M. Halld{\'o}rsson and G. Kortsarz and H. Shachnai},
  title     = {Approximating non-preemptive open-shop scheduling and related problems},
  booktitle = {Proceedings of the 31st International Colloquium on Automata, Languages and Programming (ICALP)},
  year      = {2004}
}

@unpublished{gandhi2004improved,
  author    = {R. Gandhi and M. M. Halld{\'o}rsson and G. Kortsarz and H. Shachnai},
  title     = {Improved Bounds for Sum Multicoloring and Weighted Completion Time of Dependent Jobs},
  note      = {Unpublished manuscript},
  year      = {2004}
}
